/home/oscar/Documents/LatexFiles/References.bib